% 轨迹索引
\bibliographystyle{plain}

@article{Allen2003The,
  title={The potential for earthquake early warning in southern California},
  author={Allen, Richard M, and Hiroo, Kanamori},
  journal={Translated World Seismology},
  volume={300},
  number={5620},
  pages={789-788},
  year={2003},
}
@article{Allen2014Real,
  title={Real‐time earthquake detection and hazard assessment by ElarmS across California},
  author={Allen, Richard M and Brown, Holly and Hellweg, Margaret and Khainovski, Oleg and Lombard, Peter and Neuhauser, Douglas},
  journal={Geophysical Research Letters},
  volume={36},
  number={5},
  pages={277-291},
  year={2014},
}
@article{Alcik2009A,
  title={A study on warning algorithms for Istanbul earthquake early warning system},
  author={Alcik, Hakan and Ozel, Oguz and Apaydin, Nurdan and Erdik, Mustafa},
  journal={Geophysical Research Letters},
  volume={36},
  number={4},
  pages={0-5},
  year={2009},
}
@article{Dodge1996Detailed,
  title={Detailed observations of California foreshock sequences: Implications for the earthquake initiation process},
  author={Dodge, Douglas A and Beroza, Gregory C and Ellsworth, W L and Eroza, Gregory C B and E, W L},
  journal={Journal of Geophysical Research Solid Earth},
  volume={101},
  number={B10},
  pages={22371-22392},
  year={1996},
}
@article{Dodge1995Foreshock,
  title={Foreshock sequence of the 1992 Landers, California, earthquake and its implications for earthquake nucleation},
  author={Dodge, Douglas A. and Beroza, Gregory C. and Ellsworth, W. L.},
  journal={J.geophys.res},
  volume={100},
  number={B6},
  pages={9865-9880},
  year={1995},
}


@incollection{das2018convolutional,
  title={Convolutional neural network for seismic impedance inversion},
  author={Das, Vishal and Pollack, Ahinoam and Wollner, Uri and Mukerji, Tapan},
  booktitle={SEG Technical Program Expanded Abstracts 2018},
  pages={2071--2075},
  year={2018},
  publisher={Society of Exploration Geophysicists}
}
@article{Ellsworth1995Seismic,
  title={Seismic evidence for an earthquake nucleation phase},
  author={Ellsworth, W L, and Beroza, G C,},
  journal={Science},
  volume={268},
  number={5212},
  pages={851-855},
  year={1995},
}


@article{goupillaud1984cycle,
  title={Cycle-octave and related transforms in seismic signal analysis},
  author={Goupillaud, Pierre and Grossmann, Alex and Morlet, Jean},
  journal={Geoexploration},
  volume={23},
  number={1},
  pages={85--102},
  year={1984},
  publisher={Elsevier}
}

@article{grossmann1985transforms,
  title={Transforms associated to square integrable group representations. I. General results},
  author={Grossmann, Alex and Morlet, Jean and Paul, T},
  journal={Journal of Mathematical Physics},
  volume={26},
  number={10},
  pages={2473--2479},
  year={1985},
  publisher={AIP}
}

@article{hinton2012deep,
  title={Deep neural networks for acoustic modeling in speech recognition},
  author={Hinton, Geoffrey and Deng, Li and Yu, Dong and Dahl, George and Mohamed, Abdel-rahman and Jaitly, Navdeep and Senior, Andrew and Vanhoucke, Vincent and Nguyen, Patrick and Kingsbury, Brian and others},
  journal={IEEE Signal processing magazine},
  volume={29},
  year={2012}
}

@article{Hinton1986“,
  title={“Learning and relearning in Boltzmann machines,”},
  author={Hinton, G. E. and Sejnowski, T. J.},
  journal={Parallel Distributed Processing},
  volume={1},
  pages={45-76},
  year={1986},
}
@book{Hoshiba2014Earthquake,
  title={Earthquake Early Warning and Tsunami Warning of the Japan Meteorological Agency, and Their Performance in the 2011 off the Pacific Coast of Tohoku Earthquake ( \({M}_{{\mathrm{w}}}\) 9.0)},
  author={Hoshiba, M. and Ozaki, T.},
  year={2014},
}
@article{Liang2009Reactivation,
  title={Reactivation of an Archean craton: Constraints from P- and S-wave tomography in North China},
  author={Liang, Zhao and Allen, Richard M. and Zheng, Tianyu and Hung, Shu Huei},
  journal={Geophysical Research Letters},
  volume={36},
  number={17},
  pages={367-389},
  year={2009},
}

@article{Larsonneur1989Wavelets,
  title={Wavelets and Seismic Interpretation},
  author={Larsonneur, J. L. and Morlet, J.},
  year={1989},
}






@article{L1998Gradient,
  title={Gradient-based learning applied to document recognition},
  author={Lécun, Yann and Bottou, Leon and Bengio, Yoshua and Haffner, Patrick},
  journal={Proceedings of the IEEE},
  volume={86},
  number={11},
  pages={2278-2324},
  year={1998},
}
@article{Mori2013Initial,
  title={Initial rupture of earthquakes in the 1995 Ridgecrest, California Sequence},
  author={Mori, Jim and Kanamori, Hiroo},
  journal={Geophysical Research Letters},
  volume={23},
  number={18},
  pages={2437-2440},
  year={2013},
}
@article{Murat2010AUTOMATED,
  title={AUTOMATED FIRST ARRIVAL PICKING: A NEURAL NETWORK APPROACH},
  author={Murat, Michael E. and Rudman, Albert J.},
  journal={Geophysical Prospecting},
  volume={40},
  number={6},
  pages={587-604},
  year={1993},
  
}

@incollection{morlet1983sampling,
  title={Sampling theory and wave propagation},
  author={Morlet, Jean},
  booktitle={Issues in acoustic Signal—image processing and recognition},
  pages={233--261},
  year={1983},
  publisher={Springer}
}

@article{Mccormack1993First,
  title={First-break refraction event picking and seismic data trace editing using neural networks},
  author={Mccormack, Michael D. and Zaucha, David E. and Dushek, Dennis W.},
  journal={Goophysics},
  volume={58},
  number={1},
  pages={67},
  year={1993},
}


@article{nakano2019discrimination,
  title={Discrimination of seismic signals from earthquakes and tectonic tremor by applying a convolutional neural network to running spectral images},
  author={Nakano, Masaru and Sugiyama, D and Hori, T and Kuwatani, T and Tsuboi, S},
  journal={Seismological Research Letters},
  volume={90},
  number={2A},
  pages={530--538},
  year={2019},
  publisher={Seismological Society of America}
}

@article{kilb1999initial,
  title={The initial subevent of the 1994 Northridge, California, earthquake: Is earthquake size predictable?},
  author={Kilb, Debi and Gomberg, Joan},
  journal={Journal of Seismology},
  volume={3},
  number={4},
  pages={409--420},
  year={1999},
  publisher={Springer}
}
@article{Kanamori2005REAL,
  title={REAL-TIME SEISMOLOGY AND EARTHQUAKE DAMAGE MITIGATION},
  author={Kanamori, Hiroo},
  journal={Nature},
  volume={390},
  number={6659},
  pages={461-464},
  year={2005},
}
@article{Kanamori2005REAL,
  title={REAL-TIME SEISMOLOGY AND EARTHQUAKE DAMAGE MITIGATION},
  author={Kanamori, Hiroo},
  journal={Nature},
  volume={390},
  number={6659},
  pages={461-464},
  year={2005},
}
@article{kamigaichi2004jma,
  title={JMA earthquake early warning},
  author={Kamigaichi, Osamu},
  journal={Journal of Japan Association for Earthquake Engineering},
  volume={4},
  number={3},
  pages={134--137},
  year={2004},
  publisher={JAPAN ASSOCIATION FOR EARTHQUAKE ENGINEERING}
}

@article{Kristekova2006Quantitative,
  title={Quantitative Misfit Criteria for Comparison of Seismograms and Characteristics of Earthquake Motion},
  author={Kristekova, M and Kristek, J and Moczo, P and Day, S. M},
  journal={Bulletin of the Seismological Society of America},
  volume={96},
  number={5},
  pages={1836-1850},
  year={2006},
}

@article{Kristekov2010Time,
  title={Time-frequency misfit and goodness-of-fit criteria for quantitative comparison of time signals},
  author={Kristeková, Miriam and Kristek, Jozef and Moczo, Peter},
  journal={Geophysical Journal International},
  volume={178},
  number={2},
  pages={813-825},
  year={2010},
}

@inproceedings{Krizhevsky2012ImageNet,
  title={ImageNet Classification with Deep Convolutional Neural Networks},
  author={Krizhevsky, Alex and Sutskever, Ilya and Hinton, Geoffrey E.},
  booktitle={International Conference on Neural Information Processing Systems},
  year={2012},
}
@inproceedings{Nakamura2007UrEDAS,
  title={UrEDAS, the Earthquake Warning System: Today and Tomorrow},
  author={Nakamura, Yutaka and Saita, Jun},
  booktitle={Workshop on Seismic Early Warning for European Cities},
  year={2007},
}
@article{odaka2003new,
  title={A new method of quickly estimating epicentral distance and magnitude from a single seismic record},
  author={Odaka, Toshikazu and Ashiya, Kimitoshi and Tsukada, Shin'ya and Sato, Shinji and Ohtake, Kazuo and Nozaka, Daisuke},
  journal={Bulletin of the Seismological Society of America},
  volume={93},
  number={1},
  pages={526--532},
  year={2003},
  publisher={Seismological Society of America}
}

@article{Perol2018Convolutional,
  title={Convolutional neural network for earthquake detection and location},
  author={Perol, Thibaut and Gharbi, Michaël and Denolle, Marine},
  journal={Science Advances},
  volume={4},
  number={2},
  year={2018},
}

@article{Srivastava2014Dropout,
  title={Dropout: A Simple Way to Prevent Neural Networks from Overfitting},
  author={Srivastava, Nitish and Hinton, Geoffrey and Krizhevsky, Alex and Sutskever, Ilya and Salakhutdinov, Ruslan},
  journal={Journal of Machine Learning Research},
  volume={15},
  number={1},
  pages={1929-1958},
  year={2014},
}
@article{Shieh2008A,
  title={A comparison of τc and τpmax for magnitude estimation in earthquake early warning},
  author={Shieh, Jang Tian and Wu, Yih Min and Allen, Richard M.},
  journal={Geophysical Research Letters},
  volume={35},
  number={20},
  year={2008},
}
@article{werbos1974beyond,
  title={Beyond Regression:" New Tools for Prediction and Analysis in the Behavioral Sciences},
  author={Werbos, Paul},
  journal={Ph. D. dissertation, Harvard University},
  year={1974}
}
@article{wu1997taiwan,
  title={Taiwan rapid earthquake information release system},
  author={Wu, Yih-Min and Shin, Tzay-Chyn and Chen, Chen-Chun and Tsai, Yi-Ben and Lee, William HK and Teng, Ta Liang},
  journal={Seismological Research Letters},
  volume={68},
  number={6},
  pages={931--943},
  year={1997},
  publisher={Seismological Society of America}
}
@article{wu1998quick,
  title={Quick and reliable determination of magnitude for seismic early warning},
  author={Wu, Yih-Min and Shin, Tzay-Chyn and Tsai, Yi-Ben},
  journal={Bulletin of the Seismological Society of America},
  volume={88},
  number={5},
  pages={1254--1259},
  year={1998},
  publisher={The Seismological Society of America}
}
@book{wu1999development,
  title={Development of an integrated earthquake early warning system in Taiwan-Case for the Hualien area earthquakes},
  author={Wu, Yih-Min and Chung, Jen-Kuang and Shin, Tzay-Chyn and Hsiao, Nai-Chi and Tsai, Yi-Ben and Lee, William HK and Teng, Ta-liang},
  year={1999},
  publisher={National Emergency Training Center}
}
@article{wu2000performance,
  title={Performance of the Taiwan rapid earthquake information release system (RTD) during the 1999 Chi-Chi (Taiwan) earthquake},
  author={Wu, Yih-Min and Lee, William HK and Chen, Chen-Chun and Shin, Tzay-Chyn and Teng, Ta-Liang and Tsai, Yi-Ben},
  journal={Seismological Research Letters},
  volume={71},
  number={3},
  pages={338--343},
  year={2000},
  publisher={Seismological Society of America}
}
@article{Wald1999Relationships,
  title={Relationships Between Peak Ground Acceleration, Peak Ground Velocity, And Modified Mercalli Intensity In California},
  author={Wald, David J. and Quitoriano, Vincent and Heaton, Thomas H. and Kanamori, Hiroo},
  journal={Earthquake Spectra},
  volume={15},
  number={3},
  pages={557-564},
  year={1999},
}
@article{Wu2005Experiment,
  title={Experiment on an Onsite Early Warning Method for the Taiwan Early Warning System},
  author={Wu, Yih Min and Kanamori, Hiroo},
  journal={Bulletin of the Seismological Society of America},
  volume={95},
  number={1},
  pages={347-353},
  year={2005},
}
@article{wu2005rapid,
  title={Rapid assessment of damage potential of earthquakes in Taiwan from the beginning of P waves},
  author={Wu, Yih-Min and Kanamori, Hiroo},
  journal={Bulletin of the Seismological Society of America},
  volume={95},
  number={3},
  pages={1181--1185},
  year={2005},
  publisher={Seismological Society of America}
}
@article{Yih2007Magnitude,
  title={Magnitude determination using initial P waves:A single-station approach},
  author={Yih-Min Wu and Hsin-Yi Yen and Li, Zhao and Bor-Shouh Huang and Wen-Tzong Liang},
  journal={Translated World Seismology},
  volume={330},
  number={5},
  pages={151-162},
  year={2007},
}
@article{Wu2010Determination,
  title={Determination of earthquake early warning parameters, τc and Pd, for southern California},
  author={Wu, Yih Min and Kanamori, Hiroo and Allen, Richard M. and Hauksson, Egill},
  journal={Geophysical Journal International},
  volume={170},
  number={2},
  pages={711-717},
  year={2010},
}
@article{Wu2006Magnitude,
  title={Magnitude estimation using the first three second P-wave amplitude in earthquake early warning},
  author={Wu, Yih Min and Zhao, Li},
  journal={Geophysical Research Letters},
  volume={33},
  number={16},
  pages={271-284},
  year={2006},
}
@article{Wu2010Determination,
  title={Determination of earthquake early warning parameters, τc and Pd, for southern California},
  author={Wu, Yih Min and Kanamori, Hiroo and Allen, Richard M. and Hauksson, Egill},
  journal={Geophysical Journal International},
  volume={170},
  number={2},
  pages={711-717},
  year={2010},
}

@article{wang2018deep,
  title={Deep-learning-based seismic data interpolation: A preliminary result},
  author={Wang, Benfeng and Zhang, Ning and Lu, Wenkai and Wang, Jialin},
  journal={Geophysics},
  volume={84},
  number={1},
  pages={V11--V20},
  year={2018},
  publisher={Society of Exploration Geophysicists}
}
@article{zollo2006earthquake,
  title={Earthquake magnitude estimation from peak amplitudes of very early seismic signals on strong motion records},
  author={Zollo, Aldo and Lancieri, Maria and Nielsen, Stefan},
  journal={Geophysical Research Letters},
  volume={33},
  number={23},
  year={2006},
  publisher={Wiley Online Library}
}
@article{Zhang2016Beyond,
  title={Beyond a Gaussian Denoiser: Residual Learning of Deep CNN for Image Denoising},
  author={Zhang, K. and Zuo, W. and Chen, Y. and Meng, D. and Zhang, L.},
  journal={IEEE Transactions on Image Processing},
  volume={26},
  number={7},
  pages={3142-3155},
  year={2016},
}







% woosteranalysis,sanip2015kernelsom

@article{2012地震预警连续定位方法研究,
  title={地震预警连续定位方法研究},
  author={金星 and 马强 and 李军},
  journal={地球物理学报},
  volume={55},
  number={3},
  pages={925-936},
  year={2012},
}
@article{金星2003四种计算地震反应数值方法的比较研究,
  title={四种计算地震反应数值方法的比较研究},
  author={金星 and 马强 and 李山有},
  journal={地震工程与工程振动},
  volume={23},
  number={1},
  pages={18-30},
  year={2003},
}
@article{马强2003单自由度系统地震动力反应的实时计算方法,
  title={单自由度系统地震动力反应的实时计算方法},
  author={马强 and 金星 and 李山有},
  journal={地震工程与工程振动},
  volume={23},
  number={5},
  pages={61-68},
  year={2003},
}
@phdthesis{2008地震预警技术研究及应用,
  author={马强},
  title={地震预警技术研究及应用},
  school={中国地震局工程力学研究所},
  year={2008},
}
@article{马胜利2002地震成核相的实验证据,
  title={地震成核相的实验证据},
  author={马胜利 and 马瑾 and 刘力强},
  journal={科学通报},
  volume={47},
  number={5},
  pages={387},
  year={2002},
}
@article{2012地震预警震级计算方法研究综述,
  title={地震预警震级计算方法研究综述},
  author={张洪才 and 金星 and 李军},
  journal={地球物理学进展},
  volume={27},
  number={2},
  pages={464-474},
  year={2012},
}
@article{张红才2017P,
  title={P_d-$\tau_{\mathrm{c}}$相容性检验方法在触发事件判别分析中的应用},
  author={张红才 and 金星 and 李军 and 陈智勇},
  journal={地震学报},
  volume={39},
  number={1},
  pages={102-110},
  year={2017},
}
@article{wells1994new,
  title={New empirical relationships among magnitude, rupture length, rupture width, rupture area, and surface displacement},
  author={Wells, Donald L and Coppersmith, Kevin J},
  journal={Bulletin of the seismological Society of America},
  volume={84},
  number={4},
  pages={974--1002},
  year={1994},
  publisher={The Seismological Society of America}
}
@article{孙银涛2016震级与破裂长度统计关系研究,
  title={震级与破裂长度统计关系研究},
  author={孙银涛 and 徐国栋 and 龙海云 and 许立红},
  journal={地震学报},
  volume={38},
  number={5},
  pages={803-806},
  year={2016},
}
@article{陈运泰2018矩震级及其计算,
  title={矩震级及其计算},
  author={陈运泰 and 刘瑞丰},
  journal={地震地磁观测与研究},
  volume={39},
  number={2},
  pages={5-13},
  year={2018},
}